<record xmlns="http://www.loc.gov/MARC21/slim" xmlns:xsi="http://www.w3.org/2001/XMLSchema-instance" xsi:schemaLocation="http://www.loc.gov/MARC21/slim http://www.loc.gov/standards/marcxml/schema/MARC21slim.xsd"><leader>00037nz   2200037n  4500</leader><controlfield tag="001">DNB|102382042</controlfield><controlfield tag="003">DNB</controlfield><controlfield tag="005">19960808163950.0</controlfield><controlfield tag="008">930416|||az|nnaa|||||||||||| a|aaa|||| d</controlfield><datafield ind1="7" ind2=" " tag="016"><subfield code="a">102382042</subfield><subfield code="2">GyFmDB</subfield></datafield><datafield ind1=" " ind2=" " tag="040"><subfield code="a">0000</subfield><subfield code="b">ger</subfield><subfield code="d">9999</subfield><subfield code="f">RAK-PND</subfield></datafield><datafield ind1="1" ind2=" " tag="045"><subfield code="b">d1. Jh. v. Chr.</subfield></datafield><datafield ind1="0" ind2=" " tag="100"><subfield code="a">Artemidorus,</subfield><subfield code="c">Tarsensis</subfield><subfield code="d">1. Jh. v. Chr.</subfield></datafield><datafield ind1="0" ind2=" " tag="400"><subfield code="a">Artemidoros,</subfield><subfield code="c">Grammatiker</subfield><subfield code="d">1. Jh. v. Chr.</subfield></datafield><datafield ind1="0" ind2=" " tag="400"><subfield code="a">Artemidorus,</subfield><subfield code="c">Grammaticus</subfield><subfield code="d">1. Jh. v. Chr.</subfield></datafield><datafield ind1="0" ind2=" " tag="400"><subfield code="a">Artemidorus,</subfield><subfield code="c">Epigrammaticus</subfield><subfield code="d">1. Jh. v. Chr.</subfield></datafield><datafield ind1="0" ind2=" " tag="400"><subfield code="a">Artemidoros,</subfield><subfield code="c">ho Aristophaneios</subfield><subfield code="d">1. Jh. v. Chr.</subfield></datafield><datafield ind1="0" ind2=" " tag="400"><subfield code="a">Artemidoros,</subfield><subfield code="c">ho Pseudaristophaneios</subfield><subfield code="d">1. Jh. v. Chr.</subfield></datafield><datafield ind1="0" ind2=" " tag="400"><subfield code="a">Artemidorus,</subfield><subfield code="c">of Tarsus</subfield><subfield code="d">1. Jh. v. Chr.</subfield></datafield><datafield ind1="0" ind2=" " tag="400"><subfield code="a">Artemidorus,</subfield><subfield code="c">Grammarian</subfield><subfield code="d">1. Jh. v. Chr.</subfield></datafield><datafield ind1="0" ind2=" " tag="400"><subfield code="a">Artemidoros,</subfield><subfield code="c">von Tarsos</subfield><subfield code="d">1. Jh. v. Chr.</subfield></datafield><datafield ind1="0" ind2=" " tag="400"><subfield code="a">Artemidoros,</subfield><subfield code="c">Aristophaneios</subfield><subfield code="d">1. Jh. v. Chr.</subfield></datafield><datafield ind1="0" ind2=" " tag="400"><subfield code="a">Artemidoros,</subfield><subfield code="c">Pseudaristophaneios</subfield><subfield code="d">1. Jh. v. Chr.</subfield></datafield><datafield ind1=" " ind2=" " tag="678"><subfield code="a">AP 9.205</subfield></datafield></record>